@book{vandevoorde1988parallel,
  title={Parallel compilation on a tightly coupled multiprocessor},
  author={Vandevoorde, Mark Thierry},
  year={1988},
  publisher={Systems Research Center}
}

@article{wortman1992,
  author = {Wortman, David B. and Junkin, Michael D.},
  title = {A Concurrent Compiler for Modula-2+},
  year = {1992},
  issue_date = {July 1992},
  publisher = {Association for Computing Machinery},
  address = {New York, NY, USA},
  volume = {27},
  number = {7},
  issn = {0362-1340},
  journal = {SIGPLAN Not.},
  numpages = {14},
  pages = {68–81}
}

@book{chacon2014pro,
  title={Pro git},
  author={Chacon, Scott and Straub, Ben},
  year={2014},
  publisher={Apress}
}

@misc{deutsch1996rfc1951,
  series = {Request for Comments},
  number = 1951,
  howpublished = {RFC 1951},
  publisher = {RFC Editor},
  doi =	{10.17487/RFC1951},
  author = {L. Peter Deutsch},
  title = {DEFLATE Compressed Data Format Specification version 1.3},
  pagetotal = 17,
  year = 1996,
  url = {https://rfc-editor.org/rfc/rfc1951.txt},
  %month = may,
}

@misc{eastlake2001rfc3174,
  series = {Request for Comments},
  number = 3174,
  howpublished = {RFC 3174},
  publisher = {RFC Editor},
  doi =	 {10.17487/RFC3174},
  author = {Donald E. Eastlake 3rd and Paul Jones},
  title = {{US Secure Hash Algorithm 1 (SHA1)}},
  pagetotal = 22,
  year = 2001,
  url = {https://rfc-editor.org/rfc/rfc3174.txt},
  %month = sep,

}

@misc{malcolm2018,
  title={Working with C code - gcc-python-plugin documentation},
  author={David Malcolm},
  year={2018},
  url={https://gcc-python-plugin.readthedocs.io/en/latest/working-with-c.html#finding-global-variables}
}

@misc{googlesummer,
  title={Google Summer of Code},
  author={Google},
  year={2019},
  url={https://summerofcode.withgoogle.com/}
}

@misc{gcc_vs_clang,
  title={GCC 9 vs. Clang 8 C/C++ Compiler Performance On AMD Threadripper, Intel Core i9},
  author={Michael Larabel},
  url={https://www.phoronix.com/scan.php?page=article&item=gcc9-clang8-hedt&num=1},
  year={2019}
}

@book{robert1900linux,
  author = {Love, Robert},
  title = {Linux Kernel Development},
  year = {2005},
  edition={2},
  isbn = {0672327201},
  publisher = {Novell Press}
}

@misc{gimple,
  title={GCC GIMPLE Documentation},
  author={{GNU}},
  url={https://gcc.gnu.org/onlinedocs/gccint/GIMPLE.html},
  year={2020}
}

@article{intel-false-sharing,
  title={Intel Guide for Developing Multithreaded Application},
  author={{Intel Corporation}},
  year={2011},
  url={https://software.intel.com/sites/default/files/m/d/4/1/d/8/GDMA_2.pdf},
  pages={68-72}
}


@misc{git-patches,
  title={Patchset `grep: improve threading and fix race conditions' [version 3]},
  author={Matheus Tavares},
  url={https://patchwork.kernel.org/project/git/list/?series=228919},
  year={2020}
}

@article{glek2010optimizing,
  title={Optimizing real world applications with GCC Link Time Optimization},
  author={T. Glek and Jan Hubi\v cka},
  journal={ArXiv},
  year={2010},
  volume={abs/1010.2196}
}

@inproceedings{de2010new,
  title={The new linux’perf’tools},
  author={De Melo, Arnaldo Carvalho},
  booktitle={Slides from Linux Kongress},
  volume={18},
  pages={1--42},
  year={2010}
}

@article{gregg2016flame,
author = {Gregg, Brendan},
title = {The Flame Graph},
year = {2016},
publisher = {Association for Computing Machinery},
address = {New York, NY, USA},
volume = {59},
number = {6},
issn = {0001-0782},
journal = {Commun. ACM},
numpages = {10},
pages = {48–57},
%month = may,
}

@inproceedings{merrill2003generic,
 author={Merrill, Jason},
 title = {Generic and gimple: A new tree representation for entire functions},
 booktitle = {Proceedings of the GCC Developers' Summit},
 pages={171--179},
 year = {2003}
}

@manual{intelguide,
  title         = {Intel Guide for Developing Multithreaded Application},
  organization  = {Intel Corporation},
  address       = {Santa Clara, CA},
  year          = {2011},
  url           = {https://software.intel.com/sites/default/files/m/d/4/1/d/8/GDMA_2.pdf},
  pages         = {74}
}

@misc{whoprgoogle,
  title={WHOPR - Fast and Scalable Whole Program Optimizations in GCC},
  author={Preston Briggs and Doug Evans and Brian Grant and  Robert Hundt and  William Maddox and  Diego Novillo and  Seongbae Park and  David Sehr and  Ian Taylor and  Ollie Wild},
  year={2007},
  url={https://gcc.gnu.org/projects/lto/whopr.pdf}
}

@article{glek2010optimizing,
  title={Optimizing real world applications with GCC link time optimization},
  author={Glek, Taras and Hubicka, Jan},
  journal={arXiv preprint arXiv:1010.2196},
  year={2010}
}

@misc{gcc-first-ver,
  title={GCC Releases History},
  author={GNU},
  year={2019},
  url={https://www.gnu.org/software/gcc/releases.html}
}

@article{Lincoln:1970:PPT:987475.987478,
 author = {Lincoln, Neil},
 title = {Parallel Programming Techniques for Compilers},
 journal = {SIGPLAN Not.},
 issue_date = {October 1970},
 volume = {5},
 number = {10},
 month = oct,
 year = {1970},
 issn = {0362-1340},
 pages = {18--31},
 numpages = {14},
 acmid = {987478},
 publisher = {ACM},
 address = {New York, NY, USA},
} 

@inproceedings{Mickunas:1978:PCM:800127.804105,
 author = {Mickunas, M. Dennis and Schell, Richard M.},
 title = {Parallel Compilation In A Multiprocessor Environment (Extended Abstract)},
 booktitle = {Proceedings of the 1978 Annual Conference},
 series = {ACM '78},
 year = {1978},
 isbn = {0-89791-000-1},
 location = {Washington, D.C., USA},
 pages = {241--246},
 numpages = {6},
 url = {http://doi.acm.org/10.1145/800127.804105},
 doi = {10.1145/800127.804105},
 acmid = {804105},
 publisher = {ACM},
 address = {New York, NY, USA},
}


@techreport{fischer1975parsing,
  title={On parsing context free languages in parallel environments},
  author={Fischer, Charles N},
  year={1975},
  institution={Cornell University}
}


@article{Barenghi:2015:PPM:2839536.2840146,
 author = {Barenghi, Alessandro and Crespi Reghizzi, Stefano and Mandrioli, Dino and Panella, Federica and Pradella, Matteo},
 title = {Parallel Parsing Made Practical},
 journal = {Sci. Comput. Program.},
 issue_date = {November 2015},
 volume = {112},
 number = {P3},
 month = nov,
 year = {2015},
 issn = {0167-6423},
 pages = {195--226},
 numpages = {32},
 %url = {https://doi.org/10.1016/j.scico.2015.09.002},
 %doi = {10.1016/j.scico.2015.09.002},
 acmid = {2840146},
 publisher = {Elsevier North-Holland, Inc.},
 address = {Amsterdam, The Netherlands, The Netherlands},
 keywords = {Operator precedence grammar, Parallel parser, Parallel parsing algorithms, Syntax analysis},
}

@book{vandevoorde1988parallel,
  title={Parallel compilation on a tightly coupled multiprocessor},
  author={Vandevoorde, Mark Thierry},
  year={1988},
  publisher={Systems Research Center}
}

@article{wortman1992,
    author = {Wortman, D.B. and Junkin, M.D.},
    year = {1992},
    month = {01},
    pages = {68-81},
    title = {A Concurrent Compiler for Modula-2+},
    volume = {27},
    doi = {10.1145/143103.120025}
}

@article{bernardino2020improving,
  title={Improving Parallelism in Git and GCC: Strategies, Difficulties, and Lessons Learned},
  author={Bernardino, Matheus Tavares and Belinassi, Giuliano and Meirelles, Paulo and Guerra, Eduardo Martins and Goldman, Alfredo},
  journal={IEEE Software},
  year={2020},
  publisher={IEEE}
}

@misc{dragonbook,
  title={Compilers, Principles, Techniques, and Tools. Second Edition},
  author={Alfred V. Aho and Ravi Sethi and Jeffrey Ullman, D.},
  year={2007},
  publisher={Addison-Wesley, March}
}

@misc{feufiloff,
  title={Union-Find},
  author={Paulo Feufiloff},
  year={2002},
  url={https://www.ime.usp.br/~pf/mac0122-2002/aulas/union-find.html}
}

@misc{posixjobserver,
  title={Posix Jobserver Interaction},
  author={GNU Organization},
  year={2020},
  url={https://www.gnu.org/software/make/manual/html\_node/POSIX-Jobserver.html}
}

@inproceedings{yang2011finding,
  title={Finding and understanding bugs in C compilers},
  author={Yang, Xuejun and Chen, Yang and Eide, Eric and Regehr, John},
  booktitle={Proceedings of the 32nd ACM SIGPLAN conference on Programming language design and implementation},
  pages={283--294},
  year={2011}
}

@misc{reproducible_builds,
  title={When is a build reproducible?},
  author={Chris Lamb and Valerie R. Young and Clemens Lang},
  year={2016},
  url={https://reproducible-builds.org/docs/definition/}
}
